<?xml version="1.0" encoding="UTF-8"?><collection xmlns="http://www.loc.gov/MARC21/slim"><record><leader>00539nam--2200181-u-4500</leader><controlfield tag="001">000056836</controlfield><controlfield tag="002">20191113</controlfield><controlfield tag="005">20191113043434</controlfield><controlfield tag="008">191113s1000------------r-----000-0-eng-d</controlfield><datafield ind1=" " ind2=" " tag="040"><subfield code="a">IFIN-HH</subfield></datafield><datafield ind1="1" ind2=" " tag="100"><subfield code="a">Stanasila, Corneliu-Virgil</subfield></datafield><datafield ind1="1" ind2="0" tag="240"><subfield code="a">Zacaminte intelectuale. Solutii tehnice aplicate sau aplicabile, idei pe gratis</subfield></datafield><datafield ind1="1" ind2=" " tag="245"><subfield code="b">Corneliu-Virgil Stanasila</subfield></datafield><datafield ind1=" " ind2=" " tag="260"><subfield code="a">Bucuresti</subfield><subfield code="b">Fundatia Floarea Darurilor</subfield><subfield code="c">2015</subfield></datafield><datafield ind1=" " ind2=" " tag="300"><subfield code="a">397 p</subfield></datafield><datafield ind1=" " ind2=" " tag="500"><subfield code="a">Donatie Liviu Jalba</subfield></datafield><datafield ind1=" " ind2=" " tag="852"><subfield code="a">82758</subfield><subfield code="c">001.8</subfield></datafield><datafield ind1=" " ind2=" " tag="CAT"><subfield code="a">SYS</subfield><subfield code="c">20191113</subfield><subfield code="h">043434</subfield></datafield></record></collection>